@BOOK{AdamekHerrlichStrecker200908,
    title={Abstract and Concrete Categories: The Joy of Cats (Dover Books on Mathematics)},
    author={Jiri Adamek and Horst Herrlich and George E Strecker},
    publisher={Dover Publications},
    year={2009},
    month={8},
    isbn={9780486469348},
    url={http://amazon.com/o/ASIN/0486469344/},
    price={$24.95},
    totalpages={528},
    timestamp={2016.03.15},
}
@Article{journals/corr/Marsden14,
  title =	"Category Theory Using String Diagrams",
  author =	"Dan Marsden",
  journal =	"CoRR",
  year = 	"2014",
  volume =	"abs/1401.7220",
  bibdate =	"2014-02-02",
  bibsource =	"DBLP,
		 http://dblp.uni-trier.de/db/journals/corr/corr1401.html#Marsden14",
  URL =  	"http://arxiv.org/abs/1401.7220",
}
@BOOK{Kelly198204,
    title={Basic Concepts of Enriched Category Theory (London Mathematical Society Lecture Note Series)},
    author={Max Kelly},
    publisher={Cambridge University Press},
    year={1982},
    month={4},
    isbn={9780521287029},
    url={http://amazon.com/o/ASIN/0521287022/},
    price={$29.95},
    totalpages={256},
    timestamp={2016.03.15},
}
@InProceedings{conf/csl/Mellies06,
  title =	"Functorial Boxes in String Diagrams",
  author =	"Paul-Andr{\'e} Melli{\`e}s",
  bibdate =	"2006-11-20",
  bibsource =	"DBLP,
		 http://dblp.uni-trier.de/db/conf/csl/csl2006.html#Mellies06",
  booktitle =	"CSL",
  booktitle =	"Computer Science Logic, 20th International Workshop,
		 {CSL} 2006, 15th Annual Conference of the {EACSL},
		 Szeged, Hungary, September 25-29, 2006, Proceedings",
  publisher =	"Springer",
  year = 	"2006",
  volume =	"4207",
  editor =	"Zolt{\'a}n {\'E}sik",
  ISBN = 	"3-540-45458-6",
  pages =	"1--30",
  series =	"Lecture Notes in Computer Science",
  URL =  	"http://dx.doi.org/10.1007/11874683_1",
}
@incollection{selinger2010survey,
  title={A survey of graphical languages for monoidal categories},
  author={Selinger, Peter},
  booktitle={New structures for physics},
  pages={289--355},
  year={2010},
  publisher={Springer}
}
@BOOK{Awodey201008,
    title={Category Theory (Oxford Logic Guides)},
    author={Steve Awodey},
    publisher={Oxford University Press},
    year={2010},
    month={8},
    edition={2},
    isbn={9780199237180},
    url={http://amazon.com/o/ASIN/0199237182/},
    price={$62.00},
    totalpages={336},
    timestamp={2016.03.15},
}
@BOOK{Borceux200804,
    title={Handbook of Categorical Algebra: Volume 1, Basic Category Theory (Encyclopedia of Mathematics and its Applications)},
    author={Francis Borceux},
    publisher={Cambridge University Press},
    year={2008},
    month={4},
    edition={1},
    isbn={9780521061193},
    url={http://amazon.com/o/ASIN/0521061199/},
    price={$94.99},
    totalpages={364},
    timestamp={2016.03.15},
}
@BOOK{Lane201011,
    title={Categories for the Working Mathematician (Graduate Texts in Mathematics)},
    author={Saunders Mac Lane},
    publisher={Springer},
    year={2010},
    month={11},
    edition={2nd ed. 1978. Softcover reprint of the original 2nd ed. 1978},
    isbn={9781441931238},
    url={http://amazon.com/o/ASIN/1441931236/},
    price={$74.95},
    totalpages={317},
    timestamp={2016.03.15},
}
@article{turi2001category,
  title={Category theory lecture notes},
  author={Turi, Daniele},
  journal={Laboratory for Foundations of Computer Science, University of Edinburgh},
  year={2001}
}
@misc{bourke2009frobenius,
  title={Frobenius Morphisms of Bicategories},
  author={John Bourke and Micah Blake McCurdy},
  year={2009}
}
@misc{mccurdy2010strings,
  title={Strings and Stripes, Graphical Calculus for Monoidal Functors and Monads},
  author={Micah Blake McCurdy},
  year={2010}
}
@article{kissinger2012pictures,
  title={Pictures of processes: automated graph rewriting for monoidal categories and applications to quantum computing},
  author={Kissinger, Aleks},
  journal={arXiv preprint arXiv:1203.0202},
  year={2012}
}
